% Encoding: UTF-8

@Article{Schrieber2017,
  author    = {Jorn Schrieber and Dominic Schuhmacher and Carsten Gottschlich},
  title     = {{DOTmark} {\textendash} A Benchmark for Discrete Optimal Transport},
  journal   = {{IEEE} Access},
  year      = {2017},
  volume    = {5},
  pages     = {271--282},
  doi       = {10.1109/access.2016.2639065},
  publisher = {Institute of Electrical and Electronics Engineers ({IEEE})},
}

@Article{Bertsekas1992,
  author    = {Dimitri P. Bertsekas},
  title     = {Auction algorithms for network flow problems: A tutorial introduction},
  journal   = {Computational Optimization and Applications},
  year      = {1992},
  volume    = {1},
  number    = {1},
  month     = {oct},
  pages     = {7--66},
  doi       = {10.1007/bf00247653},
  publisher = {Springer Nature},
}

@Book{Villani2009,
  author    = {C{\'{e}}dric Villani},
  title     = {Optimal Transport},
  year      = {2009},
  publisher = {Springer Berlin Heidelberg},
  doi       = {10.1007/978-3-540-71050-9},
}

@Book{Luenberger2008,
  author    = {David G. Luenberger, Yinyu Ye},
  title     = {Linear and Nonlinear Programming},
  year      = {2008},
  date      = {2008-06-20},
  publisher = {Springer US},
  url       = {http://www.ebook.de/de/product/19292757/david_g_luenberger_yinyu_ye_linear_and_nonlinear_programming.html},
  ean       = {9780387745039},
}

@Article{Gerber2017,
  author  = {Samuel Gerber and Mauro Maggioni},
  title   = {Multiscale Strategies for Computing Optimal Transport},
  journal = {Journal of Machine Learning Research},
  year    = {2017},
  volume  = {18},
  number  = {72},
  pages   = {1-32},
  url     = {http://jmlr.org/papers/v18/16-108.html},
}

@Article{Benamou2015,
  author    = {Jean-David Benamou and Guillaume Carlier and Marco Cuturi and Luca Nenna and Gabriel Peyr{\'{e}}},
  title     = {Iterative Bregman Projections for Regularized Transportation Problems},
  journal   = {{SIAM} Journal on Scientific Computing},
  year      = {2015},
  volume    = {37},
  number    = {2},
  month     = {jan},
  pages     = {A1111--A1138},
  doi       = {10.1137/141000439},
  publisher = {Society for Industrial {\&} Applied Mathematics ({SIAM})},
}

@Comment{jabref-meta: databaseType:biblatex;}
